@article{lowe2004,
  title={Distinctive image features from scale-invariant keypoints},
  author={Lowe, David G},
  journal={International journal of computer vision},
  volume={60},
  number={2},
  pages={91--110},
  year={2004},
  publisher={Springer}
}

@article{TUW-274401,
    author = {Gerstweiler, Georg and Furlan, Lukas and Timofeev, Mikhail and Kaufmann, Hannes},
    title = {Extraction of Structural and Semantic Data from 2D Floor Plans for Interactive and Immersive VR Real Estate Exploration},
    journal = {Technologies - Open Access Multidisciplinary Engineering Journal},
    year = {2018},
    volume = {6},
    number = {101},
    numpages = {27},
    url = {https://publik.tuwien.ac.at/files/publik_274401.pdf},
    doi = {10.3390/technologies6040101},
    keywords = {3D model generation; floor plan analysis; CAD; pattern recognition; virtual reality; room labeling}
}

@MASTERSTHESIS {vargas18,
    author = "Vargas, Dany Alejandro Cabrera",
    title  = "Wall Extraction and Room Detection for Multi-Unit Architectural Floor PLans",
    school = "University of Victoria",
    year   = "2018"
}

@ARTICLE {jang18,
    author  = "Jang, Hanme and Yang, Jong Hyeon and Kiyun, Yu",
    title   = "Automatic Wall Detection and Building Topology and Property of 2D Floor Plan",
    journal = "Leibniz International Proceedings in Informatics",
    year    = "2018"
}